@article{makridakis2018statistical,
  title={Statistical and Machine Learning forecasting methods: Concerns and ways forward},
  author={Makridakis, Spyros and Spiliotis, Evangelos and Assimakopoulos, Vassilios},
  journal={PloS one},
  volume={13},
  number={3},
  pages={e0194889},
  year={2018},
  publisher={Public Library of Science}
}
@article{bagnall2017great,
  title={The great time series classification bake off: a review and experimental evaluation of recent algorithmic advances},
  author={Bagnall, Anthony and Lines, Jason and Bostrom, Aaron and Large, James and Keogh, Eamonn},
  journal={Data Mining and Knowledge Discovery},
  volume={31},
  number={3},
  pages={606--660},
  year={2017},
  publisher={Springer}
}
@article{aminikhanghahi2017survey,
  title={A survey of methods for time series change point detection},
  author={Aminikhanghahi, Samaneh and Cook, Diane J},
  journal={Knowledge and information systems},
  volume={51},
  number={2},
  pages={339--367},
  year={2017},
  publisher={Springer}
}
@inproceedings{james2016leveraging,
  title={Leveraging cloud data to mitigate user experience from ‘Breaking Bad’},
  author={James, Nicholas A and Kejariwal, Arun and Matteson, David S},
  booktitle={2016 IEEE International Conference on Big Data (Big Data)},
  pages={3499--3508},
  year={2016},
  organization={IEEE}
}
@article{arlot2012kernel,
  title={Kernel change-point detection},
  author={Arlot, Sylvain and Celisse, Alain and Harchaoui, Za{\i}d},
  journal={arXiv preprint arXiv:1202.3878},
  volume={6},
  year={2012},
  publisher={Citeseer}
}